
@misc{DHCPwikipedia,
  title = {Dynamic Host Configuration Protocol - Wikipedia},
  howpublished = {\url{https://en.wikipedia.org/wiki/Dynamic_Host_Configuration_Protocol}},
  note = {Accessed: 2018-03-20}
}

@misc{DHCPcomm,
  author  = "Wikimedia Commons",
  title   = "An illustration of a typical non-renewing DHCP session",
  year    = "2015",
  urlseen = "20-03-18",
  url     = "https://en.wikipedia.org/wiki/Dynamic_Host_Configuration_Protocol#/media/File:DHCP_session.svg",
  note    = "File: \ttfamily{DHCP\_session.jpg}",
}

@book{computernetworking,
    title = {Computer Networking - A Top-Down Approach Featuring the Internet},
    author = {James F. Kurose, Keith W. Ross},
    isbn = {0-321-17644-8},
    year = {2003},
    publisher = {Addison Wesley}
}